<record xmlns="http://www.loc.gov/MARC21/slim" xmlns:xsi="http://www.w3.org/2001/XMLSchema-instance" xsi:schemaLocation="http://www.loc.gov/MARC21/slim http://www.loc.gov/standards/marcxml/schema/MARC21slim.xsd"><leader>00037nz   2200037n  4500</leader><controlfield tag="001">DNB|102405069</controlfield><controlfield tag="003">DNB</controlfield><controlfield tag="005">20080828114939.0</controlfield><controlfield tag="008">930416n||aznnnabbn           | aaa    |c</controlfield><datafield ind1=" " ind2=" " tag="035"><subfield code="a">(DE-101)102405069</subfield></datafield><datafield ind1=" " ind2=" " tag="035"><subfield code="a">(DE-588a)102405069</subfield></datafield><datafield ind1=" " ind2=" " tag="040"><subfield code="a">DE-12</subfield><subfield code="b">ger</subfield><subfield code="c">DE-101</subfield><subfield code="e">rakwb</subfield><subfield code="d">0030</subfield></datafield><datafield ind1=" " ind2=" " tag="079"><subfield code="a">p</subfield><subfield code="q">f</subfield><subfield code="q">p</subfield><subfield code="t">12-PAN</subfield><subfield code="u">v</subfield></datafield><datafield ind1="0" ind2=" " tag="100"><subfield code="a">Romanus</subfield><subfield code="c">Sophista</subfield><subfield code="d">ca. 5. Jh. n. Chr.</subfield></datafield><datafield ind1=" " ind2=" " tag="549"><subfield code="w">i</subfield><subfield code="i">Lebensdaten</subfield><subfield code="a">ca. 5. Jh. n. Chr.</subfield></datafield><datafield ind1=" " ind2=" " tag="667"><subfield code="a">Maschinell verknuepft mit DBL-Retro-Titeldaten</subfield></datafield><datafield ind1=" " ind2=" " tag="678"><subfield code="a">Peri aneimenu</subfield></datafield></record>